%misc - представляет публикацию, которая не вписывается в жесткую структуру типичных научных статей




% представляет публикацию в научном журнале или конференции, которая имеет четкую структуру и обычно проходит через процесс рецензирования

@article{intro_visualization,
    author =  " A. Lovett, K. Appleton,  B. Warren-Kretzschmar",
    title = "Using 3D visualization methods in landscape planning: An evaluation of options and practical issues",
    journal = "Landscape and Urban Planning",
    pages = " 85-94",
    year = "2015"
}
