@article{intro_visualization,
	author = "Lovett~A., Appleton~K., Warren-Kretzschmar~B.",
	title = "Using 3D visualization methods in landscape planning: An evaluation of options and practical issues",
	journal = "Landscape and Urban Planning",
	pages = "85-94",
	year = "2015"
}

@article{model_geom,
	author = "Лисяк~В.~В.",
	title = "Основы геометрического моделирования",
	pages = "6-7",
	year = "2022"
}

% 	howpublished = "Режим доступа: \url{https://dspace.lgpu.org/xmlui/bitstream/handle/123456789/4116/700-19_%20sb.pdf?sequence=1&isAllowed=y#page=17} (дата обращения: 19.07.2023)",
@misc{model_geom_01,
	author = "Донченко~В.~Ю.,Черевань~Е.~Н.",
	title = "Обзор и анализ методов построения геометрических моделей сложных конструкций",
	pages = "17-21",
	year = "2014"
}



@article{polygon_mesh,
	author =  "Киселёв~А.~В., Верхотурова~Г.~Н. ",
	title = "Способы представления и размещения трехмерных моделей для прототипирования ювелирных изделий",
	journal = "Материалы VI Международной научно-практической конференции (школы-семинара) молодых ученых.",
	pages = "840-842",
	year = "2020"
}

@article{light,
	author =  "Gambetta~G.",
	title = "Computer Graphics from Scratch",
	pages = "47-50",
	year = "2021"
}


%howpublished = "Режим доступа: \url{https://elibrary.ru/download/elibrary_27220138_96247842.pdf} (дата обращения: 22.07.2023)",
@article{del_line,
	author =  "Головнин~А.~А.",
	title = "Базовые алгоритмы компьютерной графики",	
	pages = "12-16",
	year = "2016"
}

@misc{varnok,
	author =  "Провкин~В.~А.",
	title = "Построение реалистичных изображений при помощи алгоритма Варнока и сравнение эффективности различных его реализаций",
	pages = "9-12",
	year = "2017"
}

@article{ray_tracing,
	author =  "Янова~Р.~Д.",
	title = "Метод прямой и обратной трассировки",
	journal = "Вестник науки и образования",
	pages = "29-30",
	year = "2016"
}

@article{lightmodf,
	author =  "Чернявская~A.~Э.",
	title = "Простые модели освещения 3D-объектов. Особенности цифрового моделирования света",
	journal = "Современные вопросы науки и практики",
	pages = "45-47",
	year = "2021"
}

@misc{letion,
	author =  "Куров~А.~В.",
	title = "Конспект лекций по дисциплине компьютерная графика" ,
	year = "2023"
	
}

@article{lightmodfv,
	author =  "Задорожный~А.~Г.",
	title = "Модели освещения и алгоритмы затенения в компьютерной графике",
	pages = "27-35",
	year = "2020"
}


@misc{cplusplus,
	title="Документация по C++20",
	howpublished="Режим доступа: \url{https://learn.microsoft.com/ru-ru/cpp/cpp/?view=msvc-170/} (дата обращения: 20.11.2023)"
}


@misc{ctime,
	title="Standard library header <ctime>",
	howpublished="Режим доступа: \url{https://en.cppreference.com/w/cpp/header/ctime} (дата обращения: 20.11.2023)"
}



@misc{ryzen,
	title="Ryzen 4600H",
	howpublished="Режим доступа: \url{https://www.amd.com/en/products/apu/amd-ryzen-5-4600h} (дата обращения: 20.09.2023)"
}

@misc{windows,
	title="Windows 10 Pro 2h21 64-bit",
	howpublished="Режим доступа: \url{https://www.microsoft.com/ru-ru/software-download/windows10} (дата обращения: 25.09.2022)."
}


